@article{key,
    author = {Arthur B Cummings and David Eftekhary and Frank G House},
    title = {The accurate determination of college students’coefficients of friction},
    journal = {Journal of Sketchy Physics},
    volume = {13},
    year = {2003},
    number = {2},
    pages = {46--129}
}

@article{mastersthesis,
    author = {Lars Bakke Krogvig},
    title = {Fare inspection optimization in train networks},
    institution = {Norwegian University of Science and Technology},
    department = {Mathematical Sciences},
    year = {2014}
}

@MISC{BoozLAMetroReport2007,
      AUTHOR = "Booz Allen Hamilton",
      TITLE = "Faregating Analysis commissioned by LA Metro",
      YEAR = 2007,
      NOTE = "\url{boardarchives.metro.net/Items/2007/11\%20\%CC\%87Novem\%20-ber/20071115EMACItem2\%7.pdf}"
}

@MISC{DBFactFigure2017,
      TITLE = "Deutsche Bahn Facts \& Figures 2017",
      YEAR = 2017,
      NOTE = "\url{https://www.deutschebahn.com/resource/blob/1262924/d73cde1ca54b69f595e4bb5800ad011b/cms9-2016\_duf\_en-data.pdf}"
}

@article{caceres_romero_benitez_2011,
author = {Caceres, Noelia and Romero, Luis M. and Benitez, Francisco G.},
title = {Inferring origin–destination trip matrices from aggregate volumes on groups of links: a case study using volumes inferred from mobile phone data},
journal = {Journal of Advanced Transportation},
volume = {47},
number = {7},
pages = {650-666},
year = {2013}
}

@article{gao_jia_2016,
author = { Long Gao and Limin Jia},
title = {Modeling and Simulation of Passenger Flow Distribution in Urban Rail Transit Hub Platform},
journal = {Preprints},
doi = {10.20944/preprints201609.0085.v1},
year = {2016}
}


@article{van_zuylen_willumsen_1978,
title = "The most likely trip matrix estimated from traffic counts",
journal = "Transportation Research Part B: Methodological",
volume = "14",
number = "3",
pages = "281 - 293",
year = "1980",
doi = "https://doi.org/10.1016/0191-2615(80)90008-9",
author = "Henk J. Van Zuylen and Luis G. Willumsen"
}


@article{yin_sullivan_2012, 
title={TRUSTS: Scheduling Randomized Patrols for Fare Inspection in Transit Systems Using Game Theory}, volume={33}, 
DOI={10.1609/aimag.v33i4.2432}, 
number={4},
journal={AI Magazine}, 
author={Yin, Zhengyu and Jiang, Albert Xin and Tambe, Milind and Kiekintveld, Christopher and Leyton-Brown, Kevin and Sandholm, Tuomas and Sullivan, John P.},
year={2012}, 
pages={59} 
}


@article{jiang_sandholm_2012, 
title={Towards Optimal Patrol Strategies for Fare Inspection in Transit Systems},
journal={www.aaai.org}, 
publisher={Association for the Advancement of Artificial Intelligence}, 
author={Jiang, Albert Xin and Yin, Zheng and Johnson, Matthew P and Tambe, Milind and Kiekintveld, Christopher and Leyton-Brown, Kevin and Sandholm, Tuomas}, year={2012}}


@article{yousefikia,
	author = {Yousefikia, M and Mamdoohi, Amir Reza and Moridpour, S and Noruzoliaee, Mohamadhossein and Mahpour, Alireza},
	journal = {Australasian Transport Research Forum, ATRF 2013 - Proceedings},
	month = {01},
	pages = {},
	title = {A study on the generalized TFlowFuzzy O-D estimation},
	year = {2013}
}

@article{bera_krishna_rao,
	author = {Sharminda Bera and K. V. Krishna Rao},
	title = {Estimation of origin-destination matrix from traffic counts: the state of the art},
	year = {2011},
	publisher = {EUT Edizioni Università di Trieste},
    issn = {1825-3997},    
}

@book{Garey:1990:CIG:574848,
 author = {Garey, Michael R. and Johnson, David S.},
 title = {Computers and Intractability; A Guide to the Theory of NP-Completeness},
 year = {1990},
 publisher = {W. H. Freeman \& Co.},
 address = {New York, NY, USA},
} 

@techreport{willumsen_1978,
          number = {Working Paper 99},
          author = {L.G. Willumsen},
            note = {Copyright of the Institute of Transport Studies, University Of Leeds},
         address = {Leeds, UK},
           title = {Estimation of an O-D Matrix from Traffic Counts ? A
Review.},
            type = {Working Paper},
       publisher = {Institute of Transport Studies, University of Leeds},
            year = {1978},
     institution = {ARRAY(0x7f6bd8c2a3d8)},
             url = {http://eprints.whiterose.ac.uk/2415/}
}