@article{key,
    author = {Arthur B Cummings and David Eftekhary and Frank G House},
    title = {The accurate determination of college students’coefficients of friction},
    journal = {Journal of Sketchy Physics},
    volume = {13},
    year = {2003},
    number = {2},
    pages = {46--129}
}

@misc{mastersthesis,
    author = {Lars Bakke Krogvig},
    title = {Fare inspection optimization in train 
networks},
    institution = {Norwegian University of Science and Technology},
    department = {Mathematical Sciences},
    year = {2014},
}

@misc{caceres_romero_benitez_2011, 
title={Inferring origin–destination trip matrices from aggregate ...}, 
publisher={Journal of Advanced Transportation}, 
author={Caceres, Noelia and Romero, Luis M and Benitez, Francisco G}, 
year={2011}
}

@misc{gao_jia_2016, 
title={Modeling and Simulation of Passenger Flow Distribution in Urban Rail Transit Hub Platform},
author={Gao, Long and Jia, Limin}, 
year={2016}
}

@misc{van_zuylen_willumsen_2002, 
title={The most likely trip matrix estimated from traffic counts},
journal={Transportation Research Part B: Methodological}, 
publisher={Pergamon},
author={Van Zuylen, Henk J and Willumsen, Luis G}, 
year={1978}}

@misc{yin_jiang_tambe_kiekintveld_leyton-brown_sandholm_sullivan_2012, 
title={TRUSTS: Scheduling Randomized Patrols for Fare Inspection ...}, 
publisher={Association for the Advancement of Artificial Intelligence},
author={Yin, Zheng and Jiang, Albert Xin and Tambe, Milind and Kiekintveld, Christopher and Leyton-Brown, Kevin and Sandholm, Tuomas and Sullivan, John P},
year={2012}}

@misc{jiang_yin_johnson_tambe_kiekintveld_leyton-brown_sandholm_2012, 
title={Towards Optimal Patrol Strategies for Fare Inspection in ...}, 
journal={www.aaai.org}, 
publisher={Association for the Advancement of Artificial Intelligence}, 
author={Jiang, Albert Xin and Yin, Zheng and Johnson, Matthew P and Tambe, Milind and Kiekintveld, Christopher and Leyton-Brown, Kevin and Sandholm, Tuomas},
year={2012}}


@article{yousefikia,
	author = {Yousefikia, M and Mamdoohi, Amir Reza and Moridpour, S and Noruzoliaee, Mohamadhossein and Mahpour, Alireza},
	journal = {Australasian Transport Research Forum, ATRF 2013 - Proceedings},
	month = {01},
	pages = {},
	title = {A study on the generalized TFlowFuzzy O-D estimation},
	year = {2013}
}

@misc{bera_krishna_rao, 
title={Estimation of origin-destination matrix from traffic ...}, 
publisher={European Transport},
author={Bera, Sharminda and Krishna Rao, K V}}


@book{Garey:1990:CIG:574848,
 author = {Garey, Michael R. and Johnson, David S.},
 title = {Computers and Intractability; A Guide to the Theory of NP-Completeness},
 year = {1990},
 isbn = {0716710455},
 publisher = {W. H. Freeman \& Co.},
 address = {New York, NY, USA},
} 